<?xml version="1.0" encoding="UTF-8"?><collection xmlns="http://www.loc.gov/MARC21/slim"><record><leader>00319nam--2200121-i-4500</leader><controlfield tag="001">000033819</controlfield><controlfield tag="002">20161230</controlfield><controlfield tag="005">20161230201039</controlfield><controlfield tag="008">060222s1000------------r-----000-0-eng-d</controlfield><datafield ind1=" " ind2=" " tag="100"><subfield code="a">Nenitescu, C.D</subfield></datafield><datafield ind1=" " ind2=" " tag="245"><subfield code="a">Bazele industtriei chimice de sinteza organica in rpr</subfield></datafield><datafield ind1=" " ind2=" " tag="260"><subfield code="a">Bucuresti, Ed.Tehnica, 1953. 26p</subfield></datafield><datafield ind1=" " ind2=" " tag="852"><subfield code="a">568</subfield></datafield></record></collection>